% Encoding: UTF-8

@misc{belstat_average_wage,
  title        = {О начисленной средней заработной плате работников в феврале 2017 г. [Электронный ресурс]},
  howpublished = {Электронные данные},
  note         = {Режим доступа: http://www.belstat.gov.by/ofitsialnaya-statistika/solialnaya-sfera/trud/operativnaya-informatsiya\_8/o-nachislennoi-srednei-zarabotnoi-plate-rabotnikov/o-nachislennoy-sredney-zarabotnoy-plate-rabotnikov-v-fevrale-2017-nbsp-g/. --- Дата доступа: 25.03.22},
  timestamp    = {2022-03-25}
}

@misc{president_lite_tax,
  title        = {О развитии цифровой экономики [Электронный ресурс]},
  howpublished = {Электронные данные},
  note         = {Режим доступа: https://president.gov.by/ru/documents/dekret-8-ot-21-dekabrja-2017-g-17716. --- Дата доступа: 25.03.22},
  timestamp    = {2022-03-25}
}

@misc{bank_avg_deposit,
  title        = {Процентные ставки по вкладам [Электронный ресурс]},
  howpublished = {Электронные данные},
  note         = {Режим доступа: https://belarusbank.by/site\_ru/25271/bel-s-01-04-22.pdf. --- Дата доступа: 25.03.22},
  timestamp    = {2022-03-25}
}

@misc{steam_avg_price,
  title        = {Steam Spy [Электронный ресурс]},
  howpublished = {Электронные данные},
  note         = {Режим доступа: https://steamspy.com. --- Дата доступа: 25.03.22},
  timestamp    = {2022-03-25}
}

@misc{steam_avg_sales,
  title        = {Infographic: Indie game revenues on Steam [Электронный ресурс]},
  howpublished = {Электронные данные},
  note         = {Режим доступа: https://vginsights.com/insights/article/infographic-indie-game-revenues-on-steam. --- Дата доступа: 25.03.22},
  timestamp    = {2022-03-25}
}

@misc{testing_ref,
  title        = {Различные виды тестирования ПО [Электронный ресурс]},
  howpublished = {Электронные данные},
  note         = {Режим доступа: https://www.atlassian.com/ru/continuous-delivery/software-testing/types-of-software-testing. --- Дата доступа: 25.03.22},
  timestamp    = {2022-03-25}
}

@inbook{book_makkonel,
  author    = {С. Макконел},
  title     = {Совершенный код. Мастер-класс},
  pages     = {896},
  publisher = {Издательско-торговый дом «Русская редакция»},
  year      = {2010}
}

@Misc{desktop_vs_web_deeper_look,
  author       = {Dmitriy Bychkov},
  title        = {Desktop vs. Web Applications: A Deeper Look and Comparison [Электронный ресурс]},
  howpublished = {Электронные данные},
  note         = {Режим доступа: http://www.seguetech.com/desktop-vs-web-applications/. --- Дата доступа: 25.03.22},
}

@Misc{msdn_desktop_vs_web,
  author       = {Paul D. Sheriff},
  title        = {Designing for Web or Desktop? [Электронный ресурс]},
  howpublished = {Электронные данные},
  note         = {Режим доступа: https://msdn.microsoft.com/en-us/library/ms973831.aspx. --- Дата доступа: 25.03.22},
}

@Misc{web_based_vs_desktop,
  author       = {Sam Shaaban},
  title        = {Web-Based vs “Desktop” Software [Электронный ресурс]},
  howpublished = {Электронные данные},
  note         = {Режим доступа: https://nurelm.com/web-based-vs-desktop-software/. --- Дата доступа: 25.03.22},
}

@Misc{desktop_mobile_differences,
  author       = {Jason Summerfield},
  title        = {Mobile Website vs. Mobile App: Which is Best for Your Organization? [Электронный ресурс]},
  howpublished = {Электронные данные},
  note         = {Режим доступа: https://www.hswsolutions.com/services/mobile-web-development/mobile-website-vs-apps/. --- Дата доступа: 25.03.22},
}

@Book{architecture_volosevich,
  title     = {Архитектура программного обеспечения: Курс лекций для студентов специальности 1-40 01 03 Информатика и технологии программирования},
  publisher = {БГУИР},
  year      = {2013},
  author    = {А. А. Волосевич},
  address   = {Минск},
}

@Book{clr_csharp,
  title     = {CLR via C Sharp},
  publisher = {Издательство «Питер»},
  year      = {2021},
  author    = {Jeffrey Richter},
}

@Book{application_architecture_guide,
  title     = {Microsoft® Application Architecture Guide (Patterns \& Practices)},
  publisher = {Microsoft Press},
  year      = {2009},
  author    = {Microsoft Patterns \& Practices Team},
  isbn      = {9780735627109},
}

@InBook{introduction_to_architecture,
  title     = {An Introduction to Software Architecture},
  publisher = {World Scientific Publishing Company},
  year      = {1994},
  author    = {David Garlan and Mary Shaw},
  editor    = {V Ambriola and G Tortora},
  volume    = {I},
  address   = {New Jersey},
  journal   = {Advances in Software Engineering and Knowledge Engineering},
  howpublished = {Электронные данные},
  note         = {Режим доступа: http://www.cs.cmu.edu/afs/cs/project/able/ftp/intro\_softarch/intro\_softarch.pdf. --- Дата доступа: 25.03.22},
}

@Book{ddd_quickly,
  title     = {Domain-Driven Design Quickly},
  publisher = {LULU PR},
  year      = {2007},
  author    = {Marinescu, Floyd and Avram, Abel},
  isbn      = {9781411609259},
  date      = {2007-12-11},
  ean       = {9781411609259},
  pagetotal = {104},
}

@Misc{habr_crossplatform,
  title        = {Как правильно переходить границу: кроссплатформенность в мобильном приложении [Электронный ресурс]},
  howpublished = {Электронные данные},
  note         = {Режим доступа: https://habrahabr.ru/company/parallels/blog/254325/. --- Дата доступа: 25.03.22},
}

@Misc{msdn_dotnet,
  title        = {Общие сведения о платформе .NET Framework [Электронный ресурс]},
  howpublished = {Электронные данные},
  note         = {Режим доступа: https://msdn.microsoft.com/ru-ru/library/zw4w595w(v=vs.110).aspx. --- Дата доступа: 25.03.22},
}

@Misc{msdn_charp,
  title        = {Введение в язык C\# и .NET Framework [Электронный ресурс]},
  howpublished = {Электронные данные},
  note         = {Режим доступа: https://msdn.microsoft.com/ru-ru/library/z1zx9t92.aspx. --- Дата доступа: 25.03.22},
}

@Misc{msdn_serialization,
  title        = {Serialization (C\#) [Электронный ресурс]},
  howpublished = {Электронные данные},
  note         = {Режим доступа: https://docs.microsoft.com/en-us/dotnet/csharp/programming-guide/concepts/serialization/. --- Дата доступа: 25.03.22},
}

@Misc{msdn_pattern_matching,
  title        = {Pattern matching overview [Электронный ресурс]},
  howpublished = {Электронные данные},
  note         = {Режим доступа: https://docs.microsoft.com/en-us/dotnet/csharp/fundamentals/functional/pattern-matching. --- Дата доступа: 25.03.22},
}

@Book{software_cost_estimation,
  title     = {Software Cost Estimation with Cocomo II},
  publisher = {Prentice Hall},
  year      = {2000},
  author    = {Barry W. Boehm and Chris Abts and A. Winsor Brown and Sunita Chulani and Bradford K. Clark and Ellis Horowitz and Ray Madachy and Donald J. Reifer and Bert Steece},
  isbn      = {0130266922},
}

@Book{book_mvvm,
  title     = {Learn WPF MVVM - XAML, C\# and the MVVM Pattern},
  publisher = {Prentice Hall},
  year      = {2016},
  author    = {Arnaud Weil},
}

@article{method_of_programming_measurement_and_estimation,
  author = {Walston, Claude E. and Felix, Charles P.},
  journal = {IBM Systems Journal},
  number = 1,
  pages = {54-73},
  title = {A Method of Programming Measurement and Estimation.},
  volume = 16,
  year = 1977
}

@Comment{jabref-meta: databaseType:bibtex;}
